<record><leader>00000cas a22000007a 4500</leader><controlfield tag="001">18476666</controlfield><controlfield tag="008">880913d19uu19uutxudr ne      0    0eng d</controlfield><datafield ind1=" " ind2=" " tag="010"><subfield code="a">sn 88084231 </subfield></datafield><datafield ind1=" " ind2=" " tag="040"><subfield code="a">PPM</subfield><subfield code="b">eng</subfield><subfield code="c">PPM</subfield><subfield code="d">OCLCQ</subfield></datafield><datafield ind1=" " ind2=" " tag="042"><subfield code="a">msc</subfield></datafield><datafield ind1="0" ind2="0" tag="245"><subfield code="a">Daily courier-times.</subfield></datafield><datafield ind1=" " ind2=" " tag="260"><subfield code="a">Tyler, Tex. :</subfield><subfield code="b">Courier-Times Pub. Co.</subfield></datafield><datafield ind1=" " ind2=" " tag="310"><subfield code="a">Daily</subfield></datafield><datafield ind1=" " ind2=" " tag="588"><subfield code="a">Description based on: Vol. 12, no. 40 (Oct. 21, 1909).</subfield></datafield><datafield ind1=" " ind2=" " tag="752"><subfield code="a">United States</subfield><subfield code="b">Texas</subfield><subfield code="c">Smith</subfield><subfield code="d">Tyler.</subfield></datafield></record>